%YAML 1.1
%TAG !u! tag:unity3d.com,2011:
--- !u!1 &2794450212769382504
GameObject:
  m_ObjectHideFlags: 0
  m_CorrespondingSourceObject: {fileID: 0}
  m_PrefabInstance: {fileID: 0}
  m_PrefabAsset: {fileID: 0}
  serializedVersion: 6
  m_Component:
  - component: {fileID: 2795929053295393418}
  - component: {fileID: 2850942144952210664}
  - component: {fileID: 8228920533868483321}
  - component: {fileID: -6719155610380485011}
  m_Layer: 9
  m_Name: Monster_200101
  m_TagString: PlayerTower
  m_Icon: {fileID: 0}
  m_NavMeshLayer: 0
  m_StaticEditorFlags: 0
  m_IsActive: 1
--- !u!4 &2795929053295393418
Transform:
  m_ObjectHideFlags: 0
  m_CorrespondingSourceObject: {fileID: 0}
  m_PrefabInstance: {fileID: 0}
  m_PrefabAsset: {fileID: 0}
  m_GameObject: {fileID: 2794450212769382504}
  m_LocalRotation: {x: 0, y: -1, z: 0, w: 0}
  m_LocalPosition: {x: 0, y: 0, z: 0}
  m_LocalScale: {x: 1.2, y: 1.2, z: 1.2}
  m_Children:
  - {fileID: 8152614914077341615}
  - {fileID: 6679136672365792608}
  m_Father: {fileID: 0}
  m_RootOrder: 0
  m_LocalEulerAnglesHint: {x: 0, y: -180, z: 0}
--- !u!95 &2850942144952210664
Animator:
  serializedVersion: 3
  m_ObjectHideFlags: 0
  m_CorrespondingSourceObject: {fileID: 0}
  m_PrefabInstance: {fileID: 0}
  m_PrefabAsset: {fileID: 0}
  m_GameObject: {fileID: 2794450212769382504}
  m_Enabled: 1
  m_Avatar: {fileID: 9000000, guid: 6c5e2f10fa1505a41b1c1e7c1bf4c5c9, type: 3}
  m_Controller: {fileID: 9100000, guid: 72ed7daabc3cb09469555c1b9d10d087, type: 2}
  m_CullingMode: 1
  m_UpdateMode: 0
  m_ApplyRootMotion: 0
  m_LinearVelocityBlending: 0
  m_WarningMessage: 
  m_HasTransformHierarchy: 1
  m_AllowConstantClipSamplingOptimization: 1
  m_KeepAnimatorControllerStateOnDisable: 0
--- !u!114 &8228920533868483321
MonoBehaviour:
  m_ObjectHideFlags: 0
  m_CorrespondingSourceObject: {fileID: 0}
  m_PrefabInstance: {fileID: 0}
  m_PrefabAsset: {fileID: 0}
  m_GameObject: {fileID: 2794450212769382504}
  m_Enabled: 1
  m_EditorHideFlags: 0
  m_Script: {fileID: 11500000, guid: fbf7d813ed9d0244484769f624a3f6f4, type: 3}
  m_Name: 
  m_EditorClassIdentifier: 
  PV: {fileID: 0}
  behaviorTree: {fileID: 0}
  isBattleIng: 0
  RespawnTime: 5
  DeadCount: 0
  originalAttackSpeed: 0
  target: {fileID: 0}
  animator: {fileID: 0}
  HudTarget: {fileID: 6679136672365792608}
  HealHudTarget: {fileID: 6679136672365792608}
  TowerModelObject: {fileID: 8152614914077633423}
  Controller: {fileID: 8152614914286943602}
--- !u!65 &-6719155610380485011
BoxCollider:
  m_ObjectHideFlags: 0
  m_CorrespondingSourceObject: {fileID: 0}
  m_PrefabInstance: {fileID: 0}
  m_PrefabAsset: {fileID: 0}
  m_GameObject: {fileID: 2794450212769382504}
  m_Material: {fileID: 0}
  m_IsTrigger: 1
  m_Enabled: 1
  serializedVersion: 2
  m_Size: {x: 1, y: 1, z: 1}
  m_Center: {x: 0, y: 0.5, z: 0}
--- !u!1 &7027286327272735303
GameObject:
  m_ObjectHideFlags: 0
  m_CorrespondingSourceObject: {fileID: 0}
  m_PrefabInstance: {fileID: 0}
  m_PrefabAsset: {fileID: 0}
  serializedVersion: 6
  m_Component:
  - component: {fileID: 6679136672365792608}
  m_Layer: 9
  m_Name: HudTarget
  m_TagString: Untagged
  m_Icon: {fileID: 0}
  m_NavMeshLayer: 0
  m_StaticEditorFlags: 0
  m_IsActive: 1
--- !u!4 &6679136672365792608
Transform:
  m_ObjectHideFlags: 0
  m_CorrespondingSourceObject: {fileID: 0}
  m_PrefabInstance: {fileID: 0}
  m_PrefabAsset: {fileID: 0}
  m_GameObject: {fileID: 7027286327272735303}
  m_LocalRotation: {x: -0, y: 1, z: -0, w: 0}
  m_LocalPosition: {x: 2, y: 2.5000002, z: 0}
  m_LocalScale: {x: 0.39999992, y: 0.39999995, z: 0.39999995}
  m_Children: []
  m_Father: {fileID: 2795929053295393418}
  m_RootOrder: 1
  m_LocalEulerAnglesHint: {x: 0, y: 0, z: 0}
--- !u!1001 &2017740280724986841
PrefabInstance:
  m_ObjectHideFlags: 0
  serializedVersion: 2
  m_Modification:
    m_TransformParent: {fileID: 2795929053295393418}
    m_Modifications:
    - target: {fileID: 7864300939500990550, guid: 1198d279ac5c2d24483be50ee3431534,
        type: 3}
      propertyPath: m_Name
      value: Tower_Base_Blue
      objectReference: {fileID: 0}
    - target: {fileID: 7864300939501218934, guid: 1198d279ac5c2d24483be50ee3431534,
        type: 3}
      propertyPath: m_LocalPosition.x
      value: 2
      objectReference: {fileID: 0}
    - target: {fileID: 7864300939501218934, guid: 1198d279ac5c2d24483be50ee3431534,
        type: 3}
      propertyPath: m_LocalPosition.y
      value: 0
      objectReference: {fileID: 0}
    - target: {fileID: 7864300939501218934, guid: 1198d279ac5c2d24483be50ee3431534,
        type: 3}
      propertyPath: m_LocalPosition.z
      value: 0
      objectReference: {fileID: 0}
    - target: {fileID: 7864300939501218934, guid: 1198d279ac5c2d24483be50ee3431534,
        type: 3}
      propertyPath: m_LocalRotation.x
      value: 0.7071068
      objectReference: {fileID: 0}
    - target: {fileID: 7864300939501218934, guid: 1198d279ac5c2d24483be50ee3431534,
        type: 3}
      propertyPath: m_LocalRotation.y
      value: 0
      objectReference: {fileID: 0}
    - target: {fileID: 7864300939501218934, guid: 1198d279ac5c2d24483be50ee3431534,
        type: 3}
      propertyPath: m_LocalRotation.z
      value: 0
      objectReference: {fileID: 0}
    - target: {fileID: 7864300939501218934, guid: 1198d279ac5c2d24483be50ee3431534,
        type: 3}
      propertyPath: m_LocalRotation.w
      value: -0.7071068
      objectReference: {fileID: 0}
    - target: {fileID: 7864300939501218934, guid: 1198d279ac5c2d24483be50ee3431534,
        type: 3}
      propertyPath: m_RootOrder
      value: 0
      objectReference: {fileID: 0}
    - target: {fileID: 7864300939501218934, guid: 1198d279ac5c2d24483be50ee3431534,
        type: 3}
      propertyPath: m_LocalEulerAnglesHint.x
      value: 0
      objectReference: {fileID: 0}
    - target: {fileID: 7864300939501218934, guid: 1198d279ac5c2d24483be50ee3431534,
        type: 3}
      propertyPath: m_LocalEulerAnglesHint.y
      value: 0
      objectReference: {fileID: 0}
    - target: {fileID: 7864300939501218934, guid: 1198d279ac5c2d24483be50ee3431534,
        type: 3}
      propertyPath: m_LocalEulerAnglesHint.z
      value: 0
      objectReference: {fileID: 0}
    m_RemovedComponents: []
  m_SourcePrefab: {fileID: 100100000, guid: 1198d279ac5c2d24483be50ee3431534, type: 3}
--- !u!1 &8152614914077633423 stripped
GameObject:
  m_CorrespondingSourceObject: {fileID: 7864300939500990550, guid: 1198d279ac5c2d24483be50ee3431534,
    type: 3}
  m_PrefabInstance: {fileID: 2017740280724986841}
  m_PrefabAsset: {fileID: 0}
--- !u!4 &8152614914077341615 stripped
Transform:
  m_CorrespondingSourceObject: {fileID: 7864300939501218934, guid: 1198d279ac5c2d24483be50ee3431534,
    type: 3}
  m_PrefabInstance: {fileID: 2017740280724986841}
  m_PrefabAsset: {fileID: 0}
--- !u!1 &8152614914286943602 stripped
GameObject:
  m_CorrespondingSourceObject: {fileID: 7864300939958806187, guid: 1198d279ac5c2d24483be50ee3431534,
    type: 3}
  m_PrefabInstance: {fileID: 2017740280724986841}
  m_PrefabAsset: {fileID: 0}
